@article{Patterson:1980:CRI:641914.641917,
 author = {Patterson, David A. and Ditzel, David R.},
 title = {The Case for the Reduced Instruction Set Computer},
 journal = {SIGARCH Comput. Archit. News},
 issue_date = {October 1980},
 volume = {8},
 number = {6},
 month = oct,
 year = {1980},
 issn = {0163-5964},
 pages = {25--33},
 numpages = {9},
 url = {http://doi.acm.org/10.1145/641914.641917},
 doi = {10.1145/641914.641917},
 acmid = {641917},
 publisher = {ACM},
 address = {New York, NY, USA},
}

@Book{COD5,
 author = {Patterson, David},
 title = {Computer organization and design : the hardware/software interface},
 publisher = {Morgan Kaufmann},
 year = {2014},
 address = {Oxford Waltham, MA, USA},
 isbn = {978-0-12-407726-3}
 }

@misc{anandtech:1854,
  author = "Johan De Gelas",
  title = "Itanium - is there light at the end of the tunnel?",
  year = "2005",
  url = "\url{http://www.anandtech.com/show/1854}",
  note = "[Online; accessed 28-March-2016]"
}

@misc{imgtec:MIPS_Overview,
  author = "Imagination Technologies Group Plc",
  title = "MIPS Microprocessors Overview",
  year = "2014",
  howpublished = "\url{https://imgtec.com/?do-download=4408}",
  note = "[Online; accessed 29-March-2016]"
}

@Book{flynn1995computer,
 author = {Flynn, Michael},
 title = {Computer architecture : pipelined and parallel processor design},
 publisher = {Jones and Bartlett},
 year = {1995},
 address = {Boston, MA},
 isbn = {0867202041},
}

@Book{intelmanual,
 author = {intel},
 title = {Intel® 64 and IA-32 ArchitecturesSoftware Developer’s Manual},
 year = {December 2015},
 note = {Combined Volumes:1, 2A, 2B, 2C, 3A, 3B, 3C and 3D}
}

@misc{osdev:interrupts,
  author = "OSDev.org",
  title = "Interrupts",
  year = "2016",
  howpublished = "\url{http://wiki.osdev.org/Interrupts}",
  note = "[Online; accessed 07-April-2016]"
}

@misc{ wiki:clock_rate,
   author = "Wikipedia",
   title = "Clock rate",
   year = "2016",
   howpublished = "\url{https://en.wikipedia.org/wiki/Clock_rate}",
   note = "[Online; accessed 7-April-2016]"
 }

@misc{ instruction_frequency,
   author = "Dr. Lawlor",
   title = "Instruction Encoding \& Frequency",
   year = "2012",
   howpublished = "\url{https://www.cs.uaf.edu/2012/spring/cs641/lecture/01_24_encoding.html}",
   note = "[Online; accessed 8-April-2016, Archived by WebCite \textregistered \url{http://www.webcitation.org/6gdfU63WO}]"
 }

@misc{ wiki:branch_delay_slots,
   author = "Wikipedia",
   title = "Branch Delay Slots",
   year = "2016",
   howpublished = "\url{https://en.wikipedia.org/wiki/Delay_slot#Branch_delay_slots}",
   note = "[Online; accessed 9-April-2016, Archived by WebCite \textregistered at \url{http://www.webcitation.org/6geBm0bpx}]"
 }

@Book{see_mips_run,
 author = {Sweetman, Dominic},
 title = {See MIPS run},
 publisher = {Morgan Kaufmann Publishers/Elsevier},
 year = {2007},
 address = {San Francisco, Calif},
 isbn = {978-0-12-088421-6}
 }

@misc{ memory_sections,
   author = "Gustavo Duarte",
   title = "Anatomy of a Program in Memory",
   year = "2009",
   howpublished = "\url{http://duartes.org/gustavo/blog/post/anatomy-of-a-program-in-memory/}",
   note = "[Online; accessed 9-April-2016, Archived by WebCite \textregistered (at \url{http://www.webcitation.org/6gf8eojPM}]"
 }

@misc{ memory_layout,
   author = "Central Connecticut State University",
   title = "Memory Layout",
   year = "2015",
   howpublished = "\url{http://chortle.ccsu.edu/assemblytutorial/Chapter-10/ass10_3.html}",
   note = "[Online; accessed 10-April-2016, Archived by WebCite \textregistered at \url{http://www.webcitation.org/6gfKPa3Iu}]"
 }

